<record><leader>00000cas a22000007a 4500</leader><controlfield tag="001">12230254</controlfield><controlfield tag="008">850703c19499999njudr ne      0   a0eng d</controlfield><controlfield tag="009">384</controlfield><datafield ind1=" " ind2=" " tag="010"><subfield code="a">sn 85055016 </subfield></datafield><datafield ind1=" " ind2=" " tag="040"><subfield code="a">PLF</subfield><subfield code="b">eng</subfield><subfield code="c">PLF</subfield><subfield code="d">NPH</subfield><subfield code="d">NPA</subfield><subfield code="d">NJW</subfield><subfield code="d">NSD</subfield><subfield code="d">DLC</subfield><subfield code="d">OCLCQ</subfield><subfield code="d">OCLCF</subfield></datafield><datafield ind1=" " ind2=" " tag="012"><subfield code="m">1</subfield></datafield><datafield ind1="1" ind2=" " tag="022"><subfield code="a">1050-432X</subfield><subfield code="l">1050-432X</subfield><subfield code="2">1</subfield></datafield><datafield ind1="1" ind2=" " tag="029"><subfield code="a">AU@</subfield><subfield code="b">000020387028</subfield></datafield><datafield ind1=" " ind2=" " tag="032"><subfield code="a">712460</subfield><subfield code="b">USPS</subfield></datafield><datafield ind1=" " ind2=" " tag="037"><subfield code="b">Gannett Satellite Information, Network, Inc., P.O. Box 5300, 301 Cuthbert Blvd., Cherry Hill, NJ 08034</subfield></datafield><datafield ind1=" " ind2=" " tag="042"><subfield code="a">msc</subfield><subfield code="a">nsdp</subfield></datafield><datafield ind1=" " ind2=" " tag="043"><subfield code="a">n-us-nj</subfield></datafield><datafield ind1="0" ind2="0" tag="050"><subfield code="a">Newspaper</subfield></datafield><datafield ind1="0" ind2=" " tag="130"><subfield code="a">Courier-post (Cherry Hill, N.J.)</subfield></datafield><datafield ind1=" " ind2="0" tag="222"><subfield code="a">Courier-post</subfield><subfield code="b">(Cherry Hill, N.J.)</subfield></datafield><datafield ind1="1" ind2="0" tag="245"><subfield code="a">Courier-post.</subfield></datafield><datafield ind1="3" ind2=" " tag="246"><subfield code="a">Courier post</subfield></datafield><datafield ind1=" " ind2=" " tag="260"><subfield code="a">Camden, N.J. :</subfield><subfield code="b">Camden Newspapers,</subfield><subfield code="c">1949-</subfield></datafield><datafield ind1=" " ind2=" " tag="300"><subfield code="a">v.</subfield></datafield><datafield ind1=" " ind2=" " tag="310"><subfield code="a">Daily,</subfield><subfield code="b">&lt;1985-&gt;</subfield></datafield><datafield ind1=" " ind2=" " tag="321"><subfield code="a">Daily (except Sunday),</subfield><subfield code="b">1949-</subfield></datafield><datafield ind1="0" ind2=" " tag="362"><subfield code="a">Vol. 74, no. 191 (Sept. 9, 1949)-</subfield></datafield><datafield ind1=" " ind2=" " tag="500"><subfield code="a">"South Jersey's newspaper", &lt;Apr. 5, 1990-&gt;</subfield></datafield><datafield ind1=" " ind2=" " tag="500"><subfield code="a">Published: Cherry Hill, N.J. : Gannet Satellite Information Network, &lt;1985&gt;-</subfield></datafield><datafield ind1=" " ind2=" " tag="500"><subfield code="a">"Serving Camden, Burlington &amp; Gloucester Counties"--Publisher's box, &lt;July 16, 2000-&gt;</subfield></datafield><datafield ind1=" " ind2=" " tag="530"><subfield code="a">Also available on microfilm from Bell &amp; Howell Information and Learning.</subfield></datafield><datafield ind1=" " ind2=" " tag="580"><subfield code="a">Merger of: Morning post (Camden, N.J.), and: Evening courier (Camden, N.J.)</subfield></datafield><datafield ind1=" " ind2="0" tag="651"><subfield code="a">Cherry Hill (N.J.)</subfield><subfield code="v">Newspapers.</subfield></datafield><datafield ind1=" " ind2="0" tag="651"><subfield code="a">Camden (N.J.)</subfield><subfield code="v">Newspapers.</subfield></datafield><datafield ind1=" " ind2="0" tag="651"><subfield code="a">Camden County (N.J.)</subfield><subfield code="v">Newspapers.</subfield></datafield><datafield ind1=" " ind2="0" tag="651"><subfield code="a">Burlington County (N.J.)</subfield><subfield code="v">Newspapers.</subfield></datafield><datafield ind1=" " ind2="0" tag="651"><subfield code="a">Gloucester County (N.J.)</subfield><subfield code="v">Newspapers.</subfield></datafield><datafield ind1=" " ind2="7" tag="655"><subfield code="a">Newspapers.</subfield><subfield code="2">fast</subfield><subfield code="0">(OCoLC)fst01423814</subfield></datafield><datafield ind1=" " ind2="7" tag="651"><subfield code="a">New Jersey</subfield><subfield code="z">Burlington County.</subfield><subfield code="2">fast</subfield><subfield code="0">(OCoLC)fst01213840</subfield></datafield><datafield ind1=" " ind2="7" tag="651"><subfield code="a">New Jersey</subfield><subfield code="z">Camden.</subfield><subfield code="2">fast</subfield><subfield code="0">(OCoLC)fst01207565</subfield></datafield><datafield ind1=" " ind2="7" tag="651"><subfield code="a">New Jersey</subfield><subfield code="z">Camden County.</subfield><subfield code="2">fast</subfield><subfield code="0">(OCoLC)fst01216893</subfield></datafield><datafield ind1=" " ind2="7" tag="651"><subfield code="a">New Jersey</subfield><subfield code="z">Cherry Hill.</subfield><subfield code="2">fast</subfield><subfield code="0">(OCoLC)fst01208747</subfield></datafield><datafield ind1=" " ind2="7" tag="651"><subfield code="a">New Jersey</subfield><subfield code="z">Gloucester County.</subfield><subfield code="2">fast</subfield><subfield code="0">(OCoLC)fst01205851</subfield></datafield><datafield ind1=" " ind2=" " tag="752"><subfield code="a">United States</subfield><subfield code="b">New Jersey</subfield><subfield code="c">Camden</subfield><subfield code="d">Camden.</subfield></datafield><datafield ind1=" " ind2=" " tag="752"><subfield code="a">United States</subfield><subfield code="b">New Jersey</subfield><subfield code="c">Camden</subfield><subfield code="d">Cherry Hill.</subfield></datafield><datafield ind1="1" ind2="4" tag="780"><subfield code="t">Morning post (Camden, N.J.)</subfield><subfield code="w">(DLC)sn 84020434</subfield><subfield code="w">(OCoLC)10773073</subfield></datafield><datafield ind1="1" ind2="4" tag="780"><subfield code="t">Evening courier (Camden, N.J.)</subfield><subfield code="w">(DLC)sn 84020407</subfield><subfield code="w">(OCoLC)10766011</subfield></datafield><datafield ind1=" " ind2=" " tag="936"><subfield code="a">Vol. 125, no. 186 (July 31, 2000) LIC</subfield></datafield></record>